<?xml version="1.0" encoding="UTF-8"?><collection xmlns="http://www.loc.gov/MARC21/slim"><record><leader>00430nam--2200133-i-4500</leader><controlfield tag="001">000038505</controlfield><controlfield tag="002">20161230</controlfield><controlfield tag="005">20161230201041</controlfield><controlfield tag="008">060222s1000------------r-----000-0-eng-d</controlfield><datafield ind1=" " ind2=" " tag="080"><subfield code="a">621.039.8:621.039.517:536.33()$&amp;.1:648.8)</subfield></datafield><datafield ind1=" " ind2=" " tag="245"><subfield code="a">Symposium. nuclear energy appl.other than electricity production julich, april 29-30, 1976</subfield></datafield><datafield ind1=" " ind2=" " tag="260"><subfield code="a">Julich, Kernforschugsanlage, 1976. 247 P </subfield></datafield><datafield ind1=" " ind2=" " tag="700"><subfield code="a">H.Reents And P.Eich</subfield></datafield><datafield ind1=" " ind2=" " tag="852"><subfield code="a">27198</subfield></datafield></record></collection>